<record><leader>00000cas a22000007a 4500</leader><controlfield tag="001">16640107</controlfield><controlfield tag="008">870903d19491951ohuwr ne      0    0eng d</controlfield><datafield ind1=" " ind2=" " tag="010"><subfield code="a">sn 87075065 </subfield></datafield><datafield ind1=" " ind2=" " tag="040"><subfield code="a">ONP</subfield><subfield code="b">eng</subfield><subfield code="c">ONP</subfield><subfield code="d">OCLCQ</subfield></datafield><datafield ind1=" " ind2=" " tag="042"><subfield code="a">msc</subfield></datafield><datafield ind1="0" ind2=" " tag="130"><subfield code="a">Paint Valley news (Bainbridge, Ohio)</subfield></datafield><datafield ind1="1" ind2="4" tag="245"><subfield code="a">The Paint Valley news.</subfield></datafield><datafield ind1=" " ind2=" " tag="260"><subfield code="a">Bainbridge, Ross County, Ohio :</subfield><subfield code="b">Robert W. Andrew,</subfield><subfield code="c">1949-1951.</subfield></datafield><datafield ind1=" " ind2=" " tag="310"><subfield code="a">Weekly</subfield></datafield><datafield ind1="0" ind2=" " tag="362"><subfield code="a">1st ed., no. 1 (Apr. 1, 1949)-v. 3, no. 20 (July 11, 1951).</subfield></datafield><datafield ind1=" " ind2=" " tag="752"><subfield code="a">United States</subfield><subfield code="b">Ohio</subfield><subfield code="c">Ross</subfield><subfield code="d">Bainbridge.</subfield></datafield><datafield ind1="0" ind2="7" tag="785"><subfield code="t">Chillicothe cavalier</subfield><subfield code="w">(DLC)sn8700075063</subfield></datafield><datafield ind1="0" ind2="7" tag="785"><subfield code="t">Paint Valley news and Chillicothe cavalier (Bainbridge, Ohio)</subfield><subfield code="w">(DLC)sn8700075064</subfield></datafield></record>